@book{CPG,
      title = "A-Level Physics Complete Revision and Practise",
      author = "CGP",
      page = "19",
      year = "2015",
      publisher = "Coordination Group Publications"
      }

@book{FOP,
      title = "Fundamentals of Physics",
      author = "David Halliday and Robert Resnick and Jearl Walker",
      edition = "10th",
      publisher = "Wiley",
      year= "2014"
      }


@misc{MagFeature,
      title="Magnification",
      contributer ="The Editors of Encyclopaedia Britannica",
      website = " Encyclopædia Britannica",
      Note   ="\url{"https://www.britannica.com/technology/magnification"}[Accessed:8/3/2019]",
      publisher = "Encyclopædia Britannica, inc.",
      year = 2011
      }

@misc{virtualImagePic,
      title="Virtual Image Formation",
      contributer ="R Nave",
      website = " Hyperphysics",
      Note   ="\url{"http://hyperphysics.phy-astr.gsu.edu/hbase/geoopt/image4.html"}[Accessed:9/3/2019]"
      }

@misc{parallax,
      title = "What Is Parallax?",
      author = "Jim Lucas",
      year = "2018",
      website = "Space.com",
      Note = "\url{"https://www.space.com/30417-parallax.html"}[Accessed:11/3/2019]"
      }



%Fix these two so they appear properly
@misc{VIKINGPROGRAMNASA,
      title= "Viking Mission Overview",
      author = "NASA",
      editor = "NASA Content Administrator",
      year = "2017",
      Note = "\url{"https://www.nasa.gov/redplanet/viking.html"}[Accessed:1/4/2019]"
      }

@unpublished{LabNote,
      title = "Practical Physics Optics",
      institution = "The University of Edinburgh",
      year = "2018/2019"
      }

@unpublished{CourseBook,
      author = "Prof. Judy Hardy",
      title = "Computer Simulation Course Book",
      institution = "The University of Edinburgh",
      year = "2019"
      }

@unpublished{PHYS1ANOTES,
      author = "Dr. Ross Galloway",
      title = "Notes For Physics1A",
      institution = "The University of Edinburgh",
      year = "2017/2018"
      }


@misc{GIMP,
      title = "GNU Image Manipulation Program",
      Note = "\url{"https://www.gimp.org/"}",


      }

@misc{VirtualImageDiagram,
      title= "Images, real and virtual",
      author = "Michigan State University",
      Note = "\url{"https://web.pa.msu.edu/courses/2000fall/PHY232/lectures/lenses/images.html"}[Accessed:8/3/2019]"
      }

@unpublished{PHYS1BNotes,
      author = "Dr. Joe Zuntz and Dr. Ross Galloway and Dr. Will Hossack",
      title = "Notes for Physics 1B: Waves and Optics",
      institution = "The University of Edinburgh",
      year = "2017/2018"
      }

@misc{GRAVCONST,
      title = "CODATA Internationally recommended 2014 values of the
Fundamental Physical Constants",
      year = 2014
      }

@misc{GravDiagram,
      author = "Khan Academy",
      title = "Gravitational attraction",
      Note = "\url{"https://www.khanacademy.org/computing/computer-programming/programming-natural-simulations/programming-forces/a/gravitational-attraction"}[Accessed:1/4/2019]"
      }

@Article{MatPlotLib,
  Author    = {Hunter, J. D.},
  Title     = {Matplotlib: A 2D graphics environment},
  Journal   = {Computing In Science \& Engineering},
  Volume    = {9},
  Number    = {3},
  Pages     = {90--95},
  abstract  = {Matplotlib is a 2D graphics package used for Python
  for application development, interactive scripting, and
  publication-quality image generation across user
  interfaces and operating systems.},
  publisher = {IEEE COMPUTER SOC},
  doi       = {10.1109/MCSE.2007.55},
  year      = 2007
}
      


@misc{MarsEarthData,
      author = "NASA",
      title = "MARS FACTS",
      Note = "\url{"https://mars.nasa.gov/allaboutmars/facts/#?c=inspace&s=distance"}[Accessed:1/4/2019]"
      }

@misc{PlanetDat,
      author = "Dr. David R. Williams",
      title = "Planetary Fact Sheet - Metric",
      institution = "NASA Space Science Data Coordinated Archive (NSSDC)",
      Note = "\url{"https://nssdc.gsfc.nasa.gov/planetary/factsheet/"}[Accessed:2/4/2019]"
      }

@misc{EarthEscapeVel,
      title="Escape Velocity",
      contributer ="R Nave",
      website = " Hyperphysics",
      Note   ="\url{"http://hyperphysics.phy-astr.gsu.edu/hbase/vesc.html"}[Accessed:2/4/2019]"
      }


@Article{MercuryOrbit,
  Author    = {Sam Jarman},
  Title     = {"Correcting Einstein’s calculation of the orbit of Mercury"},
  Journal   = {Physics World},
  publisher = {Institute Of Physics},
  year      = 2018
}